<record><leader>00000cas a22000007a 4500</leader><controlfield tag="001">2258551</controlfield><controlfield tag="008">760620d193u1968pauwr ne      0    0eng d</controlfield><datafield ind1=" " ind2=" " tag="010"><subfield code="a">sn 89077877 </subfield></datafield><datafield ind1=" " ind2=" " tag="040"><subfield code="a">PIT</subfield><subfield code="b">eng</subfield><subfield code="c">PIT</subfield><subfield code="d">OCL</subfield><subfield code="d">NPH</subfield><subfield code="d">OCLCQ</subfield></datafield><datafield ind1=" " ind2=" " tag="042"><subfield code="a">msc</subfield></datafield><datafield ind1="0" ind2="0" tag="245"><subfield code="a">Braddock free press.</subfield></datafield><datafield ind1="3" ind2="0" tag="246"><subfield code="a">Sunday Braddock free press</subfield></datafield><datafield ind1=" " ind2=" " tag="260"><subfield code="a">Braddock, Pa. :</subfield><subfield code="b">A. Park Dibler,</subfield><subfield code="c">-1968.</subfield></datafield><datafield ind1=" " ind2=" " tag="300"><subfield code="a">v. :</subfield><subfield code="b">ill. ;</subfield><subfield code="c">60 cm.</subfield></datafield><datafield ind1=" " ind2=" " tag="310"><subfield code="a">Weekly,</subfield><subfield code="b">&lt;1967-1968&gt;</subfield></datafield><datafield ind1=" " ind2=" " tag="321"><subfield code="a">Semiweekly,</subfield><subfield code="b">&lt;1936-1966&gt;</subfield></datafield><datafield ind1="0" ind2=" " tag="362"><subfield code="a">-v. 46, no. 6 (Feb. 8, 1968).</subfield></datafield><datafield ind1=" " ind2=" " tag="500"><subfield code="a">Published on Sunday as: Sunday Braddock free press.</subfield></datafield><datafield ind1=" " ind2=" " tag="500"><subfield code="a">"Sunday" appears above masthead ornament.</subfield></datafield><datafield ind1=" " ind2=" " tag="588"><subfield code="a">Description based on: Vol. 3, no. 26 (Aug. 16, 1936).</subfield></datafield><datafield ind1=" " ind2=" " tag="752"><subfield code="a">United States</subfield><subfield code="b">Pennsylvania</subfield><subfield code="c">Allegheny</subfield><subfield code="d">Braddock.</subfield></datafield><datafield ind1="0" ind2="0" tag="780"><subfield code="t">Braddock free press and tri-boro independent</subfield><subfield code="w">(DLC)sn 89077876</subfield></datafield><datafield ind1="0" ind2="0" tag="785"><subfield code="t">Free press (Braddock, Pa.)</subfield><subfield code="w">(DLC)sn 89077874</subfield></datafield></record>